@book {hart,
	author = {Hartshorne, R.},
	title = {Algebraic geometry},
	note = {Graduate Texts in Mathematics, No. 52},
	publisher = {Springer-Verlag, New York-Heidelberg},
	year = {1977},
	pages = {xvi+496},
	isbn = {0-387-90244-9},
	mrclass = {14-01},
	mrnumber = {0463157},
	mrreviewer = {Robert Speiser},
}
@book {mat,
	author = {Matsumura, H.},
	title = {Commutative algebra},
	publisher = {W. A. Benjamin, Inc., New York},
	year = {1970},
	pages = {xii+262 pp. paperbound},
	mrclass = {13.00},
	mrnumber = {0266911},
	mrreviewer = {P. Samuel},
}
@book {atmac,
	author = {Atiyah, M. F. and Macdonald, I. G.},
	title = {Introduction to commutative algebra},
	publisher = {Addison-Wesley Publishing Co., Reading, Mass.-London-Don Mills, Ont.},
	year = {1969},
	pages = {ix+128},
	mrclass = {13.00},
	mrnumber = {0242802},
	mrreviewer = {J. A. Johnson},
}
@book {bour1,
	author = {N. Bourbaki},
	year = {1961--1965},
	title = {Alg\`ebre Commutative},
	publisher = {El\'ements de Math. 27, 28, 30, 31 Hermann, Paris}
}